
@book{sixt_bitcoins_2017,
	address = {Wiesbaden},
	title = {Bitcoins und andere dezentrale {Transaktionssysteme}},
	isbn = {978-3-658-02843-5 978-3-658-02844-2},
	url = {http://link.springer.com/10.1007/978-3-658-02844-2},
	language = {de},
	urldate = {2017-07-07},
	publisher = {Springer Fachmedien Wiesbaden},
	author = {Sixt, Elfriede},
	year = {2017},
	note = {DOI: 10.1007/978-3-658-02844-2},
	file = {10.1007978-3-658-02844-2.pdf:C\:\\Users\\s.lischewski\\AppData\\Roaming\\Zotero\\Zotero\\Profiles\\htuub30k.default\\zotero\\storage\\5MNQW98E\\10.1007978-3-658-02844-2.pdf:application/pdf}
}

@book{dannen_introducing_2017,
	address = {Berkeley, CA},
	title = {Introducing {Ethereum} and {Solidity}},
	isbn = {978-1-4842-2534-9 978-1-4842-2535-6},
	url = {http://link.springer.com/10.1007/978-1-4842-2535-6},
	language = {en},
	urldate = {2017-07-07},
	publisher = {Apress},
	author = {Dannen, Chris},
	year = {2017},
	note = {DOI: 10.1007/978-1-4842-2535-6},
	file = {10.1007978-1-4842-2535-6.pdf:C\:\\Users\\s.lischewski\\AppData\\Roaming\\Zotero\\Zotero\\Profiles\\htuub30k.default\\zotero\\storage\\2FFTR9PB\\10.1007978-1-4842-2535-6.pdf:application/pdf}
}

@article{kaminski_nowcasting_2014,
	title = {Nowcasting the {Bitcoin} {Market} with {Twitter} {Signals}},
	url = {http://arxiv.org/abs/1406.7577},
	abstract = {This paper analyzes correlations and causalities between Bitcoin market indicators and Twitter posts containing emotional signals on Bitcoin. Within a timeframe of 104 days (November 23rd 2013 - March 7th 2014), about 160,000 Twitter posts containing "bitcoin" and a positive, negative or uncertainty related term were collected and further analyzed. For instance, the terms "happy", "love", "fun", "good", "bad", "sad" and "unhappy" represent positive and negative emotional signals, while "hope", "fear" and "worry" are considered as indicators of uncertainty. The static (daily) Pearson correlation results show a significant positive correlation between emotional tweets and the close price, trading volume and intraday price spread of Bitcoin. However, a dynamic Granger causality analysis does not confirm a statistically significant effect of emotional Tweets on Bitcoin market values. To the contrary, the analyzed data shows that a higher Bitcoin trading volume Granger causes more signals of uncertainty within a 24 to 72-hour timeframe. This result leads to the interpretation that emotional sentiments rather mirror the market than that they make it predictable. Finally, the conclusion of this paper is that the microblogging platform Twitter is Bitcoin's virtual trading floor, emotionally reflecting its trading dynamics.},
	journal = {arXiv:1406.7577 [cs]},
	author = {Kaminski, Jermain},
	month = jun,
	year = {2014},
	note = {arXiv: 1406.7577},
	keywords = {Computer Science - Social and Information Networks},
	file = {arXiv\:1406.7577 PDF:C\:\\Users\\s.lischewski\\AppData\\Roaming\\Zotero\\Zotero\\Profiles\\htuub30k.default\\zotero\\storage\\PAFMXJDC\\Kaminski - 2014 - Nowcasting the Bitcoin Market with Twitter Signals.pdf:application/pdf;arXiv.org Snapshot:C\:\\Users\\s.lischewski\\AppData\\Roaming\\Zotero\\Zotero\\Profiles\\htuub30k.default\\zotero\\storage\\N2943AX9\\1406.html:text/html}
}

@article{kristoufek_what_2015,
	title = {What {Are} the {Main} {Drivers} of the {Bitcoin} {Price}? {Evidence} from {Wavelet} {Coherence} {Analysis}},
	volume = {10},
	issn = {1932-6203},
	shorttitle = {What {Are} the {Main} {Drivers} of the {Bitcoin} {Price}?},
	url = {http://dx.plos.org/10.1371/journal.pone.0123923},
	doi = {10.1371/journal.pone.0123923},
	language = {en},
	number = {4},
	urldate = {2017-07-07},
	journal = {PLOS ONE},
	author = {Kristoufek, Ladislav},
	editor = {Scalas, Enrico},
	month = apr,
	year = {2015},
	pages = {e0123923},
	file = {file.pdf:C\:\\Users\\s.lischewski\\AppData\\Roaming\\Zotero\\Zotero\\Profiles\\htuub30k.default\\zotero\\storage\\PD83FFHN\\file.pdf:application/pdf}
}

@misc{creative_construction_heroes_gmbh_trend_nodate,
	title = {Trend 2015: {Banking} without {Banks}{\textbar} {Digital} {Innovation} - delivered.},
	shorttitle = {Trend 2015},
	url = {http://www.creativeconstruction.de/lp/trends2015/banking-without-banks/},
	abstract = {Für Banken ist mit 2015 ein Adapt-or-die-Moment gekommen: von Personal-Finance-Management über Mobile Payments, Peer-Lending und -Financing bis Bitcoin},
	urldate = {2017-07-07},
	journal = {CREATIVE CONSTRUCTION {\textbar} Digital Innovation - delivered.},
	author = {CREATIVE CONSTRUCTION HEROES GMBH},
	file = {1-cch-trends-2015-banking-without-banks-M2.pdf:C\:\\Users\\s.lischewski\\AppData\\Roaming\\Zotero\\Zotero\\Profiles\\htuub30k.default\\zotero\\storage\\M27JDV84\\1-cch-trends-2015-banking-without-banks-M2.pdf:application/pdf;Snapshot:C\:\\Users\\s.lischewski\\AppData\\Roaming\\Zotero\\Zotero\\Profiles\\htuub30k.default\\zotero\\storage\\58JZ6WAA\\banking-without-banks.html:text/html}
}

@article{nakamoto_bitcoin:_2008,
	title = {Bitcoin: {A} {Peer}-to-{Peer} {Electronic} {Cash} {System} {Bitcoin}: {A} {Peer}-to-{Peer} {Electronic} {Cash} {System}},
	shorttitle = {Bitcoin},
	author = {Nakamoto, Satoshi},
	year = {2008},
	file = {bitcoin.pdf:C\:\\Users\\s.lischewski\\AppData\\Roaming\\Zotero\\Zotero\\Profiles\\htuub30k.default\\zotero\\storage\\D97GZR3A\\bitcoin.pdf:application/pdf}
}

@incollection{reid_analysis_2013,
	title = {An {Analysis} of {Anonymity} in the {Bitcoin} {System}},
	copyright = {©2013 Springer Science+Business Media New York},
	isbn = {978-1-4614-4138-0 978-1-4614-4139-7},
	url = {http://link.springer.com/chapter/10.1007/978-1-4614-4139-7_10},
	abstract = {Anonymity in Bitcoin, a peer-to-peer electronic currency system, is a complicated issue. Within the system, users are identified only by public-keys. An attacker wishing to de-anonymize users will attempt to construct the one-to-many mapping between users and public-keys, and associate information external to the system with the users. Bitcoin tries to prevent this attack by storing the mapping of a user to his or her public-keys on that user’s node only and by allowing each user to generate as many public-keys as required. In this chapter we consider the topological structure of two networks derived from Bitcoin’s public transaction history. We show that the two networks have a non-trivial topological structure, provide complementary views of the Bitcoin system, and have implications for anonymity. We combine these structures with external information and techniques such as context discovery and flow analysis to investigate an alleged theft of Bitcoins, which, at the time of the theft, had a market value of approximately US\$500,000.},
	language = {en},
	urldate = {2017-07-08},
	booktitle = {Security and {Privacy} in {Social} {Networks}},
	publisher = {Springer New York},
	author = {Reid, Fergal and Harrigan, Martin},
	editor = {Altshuler, Yaniv and Elovici, Yuval and Cremers, Armin B. and Aharony, Nadav and Pentland, Alex},
	year = {2013},
	note = {DOI: 10.1007/978-1-4614-4139-7\_10},
	keywords = {Anonymity, Bitcoin, Computer Communication Networks, Information Systems Applications (incl. Internet), Network analysis, Systems and Data Security},
	pages = {197--223},
	file = {Full Text PDF:C\:\\Users\\s.lischewski\\AppData\\Roaming\\Zotero\\Zotero\\Profiles\\htuub30k.default\\zotero\\storage\\298Q7Q8Z\\Reid und Harrigan - 2013 - An Analysis of Anonymity in the Bitcoin System.pdf:application/pdf;Snapshot:C\:\\Users\\s.lischewski\\AppData\\Roaming\\Zotero\\Zotero\\Profiles\\htuub30k.default\\zotero\\storage\\75UZHAJG\\978-1-4614-4139-7_10.html:text/html}
}

@inproceedings{androulaki_evaluating_2013,
	series = {Lecture {Notes} in {Computer} {Science}},
	title = {Evaluating {User} {Privacy} in {Bitcoin}},
	isbn = {978-3-642-39883-4 978-3-642-39884-1},
	url = {https://link.springer.com/chapter/10.1007/978-3-642-39884-1_4},
	doi = {10.1007/978-3-642-39884-1_4},
	abstract = {Bitcoin is quickly emerging as a popular digital payment system. However, in spite of its reliance on pseudonyms, Bitcoin raises a number of privacy concerns due to the fact that all of the transactions that take place are publicly announced in the system.In this paper, we investigate the privacy provisions in Bitcoin when it is used as a primary currency to support the daily transactions of individuals in a university setting. More specifically, we evaluate the privacy that is provided by Bitcoin (i) by analyzing the genuine Bitcoin system and (ii) through a simulator that faithfully mimics the use of Bitcoin within a university. In this setting, our results show that the profiles of almost 40\% of the users can be, to a large extent, recovered even when users adopt privacy measures recommended by Bitcoin. To the best of our knowledge, this is the first work that comprehensively analyzes, and evaluates the privacy implications of Bitcoin.},
	language = {en},
	urldate = {2017-07-08},
	booktitle = {Financial {Cryptography} and {Data} {Security}},
	publisher = {Springer, Berlin, Heidelberg},
	author = {Androulaki, Elli and Karame, Ghassan O. and Roeschlin, Marc and Scherer, Tobias and Capkun, Srdjan},
	month = apr,
	year = {2013},
	pages = {34--51},
	file = {Full Text PDF:C\:\\Users\\s.lischewski\\AppData\\Roaming\\Zotero\\Zotero\\Profiles\\htuub30k.default\\zotero\\storage\\IZFPEMC9\\Androulaki et al. - 2013 - Evaluating User Privacy in Bitcoin.pdf:application/pdf;Snapshot:C\:\\Users\\s.lischewski\\AppData\\Roaming\\Zotero\\Zotero\\Profiles\\htuub30k.default\\zotero\\storage\\87E9M2Z6\\978-3-642-39884-1_4.html:text/html}
}

@article{wood_ethereum:_2014,
	title = {Ethereum: {A} secure decentralised generalised transaction ledger},
	volume = {151},
	shorttitle = {Ethereum},
	url = {http://www.cryptopapers.net/papers/ethereum-yellowpaper.pdf},
	urldate = {2017-07-08},
	journal = {Ethereum Project Yellow Paper},
	author = {Wood, Gavin},
	year = {2014},
	file = {ethereum-yellowpaper.pdf:C\:\\Users\\s.lischewski\\AppData\\Roaming\\Zotero\\Zotero\\Profiles\\htuub30k.default\\zotero\\storage\\IMPNFVSD\\ethereum-yellowpaper.pdf:application/pdf}
}

@misc{prableen_bajpai_altcoin_2014,
	title = {Altcoin},
	url = {http://www.investopedia.com/terms/a/altcoin.asp},
	abstract = {Altcoins are alternative cryptocurrencies launched after the success of Bitcoin.},
	urldate = {2017-07-08},
	journal = {Investopedia},
	author = {Prableen Bajpai},
	month = jun,
	year = {2014},
	file = {Snapshot:C\:\\Users\\s.lischewski\\AppData\\Roaming\\Zotero\\Zotero\\Profiles\\htuub30k.default\\zotero\\storage\\QB6DIXE7\\altcoin.html:text/html}
}